Untuk setiap referensi, baris pertama (Newton1687) merupakan label dan baris-baris berikutnya
merupakan atribut dari referensi yang akan digunakan. Umumnya, format referensi berikut sudah
disediakan oleh penyedia sumber referensi secara online dan bisa langsung digunakan di sini.

Lihat https://www.bibtex.com/g/bibtex-format/ untuk informasi lebih lanjut mengenai format
BibTex yang digunakan pada file ini.

@book{turnbull2014docker,
    author    = {James Turnbull},
    title     = {The Docker Book: Containerization is the New Virtualization},
    year      = {2014},
    publisher = {James Turnbull Publishing}
}

@book{kuncoro2023kubernetes,
    author    = {Kuncoro, Giri and C, Aris and Risdianto and Purbo, Onno W.},
    title     = {{KUBERNETES UNTUK PEMULA}},
    year      = {2023},
    publisher = {Penerbit Andi}
}

@article{zhou2022containerisation,
    author = {Naweiluo Zhou and Huan Zhou and Dennis Hoppe},
    title = {Containerisation for High Performance Computing Systems: Survey and Prospects},
    journal = {arXiv},
    year = {2022},
    url = {https://arxiv.org/abs/2212.08717}
}

@article{zhisheng2024dlworkload,
    author = {ZHISHENG YE and WEI GAO and QINGHAO HU and PENG SUN and XIAOLIN WANG and YINGWEI LUO and TIANWEI ZHANG and YONGGANG WEN},
    title = {Deep Learning Workload Scheduling in GPU Datacenters: A Survey},
    journal = {dl-acm},
    year = {2024},
    url = {https://dl.acm.org/doi/full/10.1145/3638757}
}

@article{wang2024distributedhpc,
    author = {Shikai Wang,Haotian Zheng,  Xin Wen and Fu Shang},
    title = {DISTRIBUTED HIGH-PERFORMANCE COMPUTING METHODS FOR ACCELERATING DEEP LEARNING TRAINING},
    journal = {jklst},
    year = {2024},
    url = {https://jklst.org/index.php/home/article/view/230}
}

@article{kumar2023accessible,
    author    = {Kumar, Anup and Cuccuru, Gianmauro and Grüning, Björn and Backofen, Rolf},
    title     = {An Accessible Infrastructure for Artificial Intelligence Using a Docker-Based JupyterLab in Galaxy},
    journal   = {GigaScience},
    volume    = {12},
    year      = {2023},
    article-id = {giad028},
    doi       = {10.1093/gigascience/giad028},
    url       = {https://doi.org/10.1093/gigascience/giad028},
    month     = {April},
    note      = {Published: 26 April 2023}
}

@article{li2024syndeo,
    author    = {Li, William and Lafuente Mercado, Rodney S. and Pena, Jaime D. and Allen, Ross E.},
    title     = {Syndeo: Portable Ray Clusters with Secure Containerization},
    journal   = {arXiv preprint arXiv:2409.17070},
    year      = {2024},
    month     = {September},
    note      = {arXiv:2409.17070v1 [cs.DC]},
    url       = {https://arxiv.org/abs/2409.17070}
}

@inproceedings{moritz2018ray,
    author       = {Moritz, Philipp and Nishihara, Robert and Wang, Stephanie and Tumanov, Alexey and Liaw, Richard and Liang, Eric and Elibol, Melih and Yang, Zongheng and Paul, William and Jordan, Michael I. and Stoica, Ion},
    title        = {Ray: A Distributed Framework for Emerging AI Applications},
    booktitle    = {Proceedings of the 13th USENIX Symposium on Operating Systems Design and Implementation (OSDI '18)},
    year         = {2018},
    month        = {October},
    pages        = {561--577},
    organization = {USENIX Association},
    address      = {Carlsbad, CA, USA},
    url          = {https://www.usenix.org/conference/osdi18/presentation/moritz}
}

@online{nvidia2022gpu,
    author = {NVIDIA},
    title = {Keynote Wrap-Up: NVIDIA CEO Unveils Next-Gen RTX GPUs, AI Workflows in the Cloud},
    year = {2022},
    url = {https://blogs.nvidia.com/blog/keynote-gtc-nvidia-ceo},
    note = {Accessed: December 3, 2024}
}

@online{rayteam2024ray,
    author = {Ray Development Team},
    title = {RAY Overview},
    year = {2024},
    url = {https://docs.ray.io/en/latest/ray-overview/index.html},
    note = {Accessed: December 13, 2024}
}

@online{jupterlabteam2024jupyterlab,
    author = {Jupyter Development Team},
    title = {JupyterLab Documentation},
    year = {2024},
    url = {https://jupyterlab.readthedocs.io/en/latest},
    note = {Accessed: December 13, 2024}
}

@online{kubernetesteam2024kubernetes,
    author = {Kubernetes Development Team},
    title = {Kubernetes Documentation},
    year = {2024},
    url = {https://kubernetes.io/docs/concepts/overview},
    note = {Accessed: December 13, 2024}
}

@online{sysdigteam2024docker,
    author = {SysDig Development Team},
    title = {What is Docker architecture?},
    year = {2024},
    url = {https://sysdig.com/learn-cloud-native/what-is-docker-architecture},
    note = {Accessed: December 24, 2024}
}

@online{jupyterhub2025arch,
    author = {JupyterHub Development Team},
    title = {JupyterHub: Technical Overview},
    year = {2024},
    url = {https://jupyterhub.readthedocs.io/en/latest/reference/technical-overview.html},
    note = {Accessed: May 30 2025}
}

@misc{JupyterLabTeam2024,
  title = {JupyterLab Documentation},
  author = {{JupyterLab Development Team}},
  year = {2024},
  url = {https://jupyterlab.readthedocs.io/en/latest/},
  note = {Diakses: 30 Mei 2025}
}

@misc{JupyterExtensions2024,
  title = {JupyterLab Extensions},
  author = {{Jupyter Community}},
  year = {2024},
  url = {https://github.com/topics/jupyterlab-extension},
  note = {Diakses: 30 Mei 2025}
}

@misc{JupyterDocker2024,
  title = {Jupyter Docker Stacks},
  author = {{Jupyter Development Team}},
  year = {2024},
  url = {https://jupyter-docker-stacks.readthedocs.io/},
  note = {Diakses: 30 Mei 2025}
}